<record><leader>00000cas a22000007a 4500</leader><controlfield tag="001">10722222</controlfield><controlfield tag="008">840512d187u1882mduwr ne      0    0eng d</controlfield><datafield ind1=" " ind2=" " tag="010"><subfield code="a">sn 84026864 </subfield></datafield><datafield ind1=" " ind2=" " tag="040"><subfield code="a">NPU</subfield><subfield code="b">eng</subfield><subfield code="c">NPU</subfield><subfield code="d">NPX</subfield><subfield code="d">DLC</subfield><subfield code="d">MFN</subfield><subfield code="d">OCLCQ</subfield></datafield><datafield ind1=" " ind2=" " tag="042"><subfield code="a">msc</subfield></datafield><datafield ind1="0" ind2=" " tag="130"><subfield code="a">Weekly gazette (Baltimore, Md.)</subfield></datafield><datafield ind1="1" ind2="0" tag="245"><subfield code="a">Weekly gazette.</subfield></datafield><datafield ind1=" " ind2=" " tag="260"><subfield code="a">Baltimore, Md. :</subfield><subfield code="b">[Gazette Pub. Co.]</subfield></datafield><datafield ind1=" " ind2=" " tag="300"><subfield code="a">v.</subfield></datafield><datafield ind1=" " ind2=" " tag="310"><subfield code="a">Weekly</subfield></datafield><datafield ind1="1" ind2=" " tag="362"><subfield code="a">Ceased in 1882.</subfield></datafield><datafield ind1=" " ind2=" " tag="580"><subfield code="a">Daily eds.: Gazette (Baltimore, Md. : 1876); Baltimore gazette (Baltimore, Md. : 1881).</subfield></datafield><datafield ind1=" " ind2=" " tag="588"><subfield code="a">Description based on: Vol. 14, no. 11 (Mar. 17, 1877).</subfield></datafield><datafield ind1=" " ind2=" " tag="752"><subfield code="a">United States</subfield><subfield code="b">Maryland</subfield><subfield code="d">Baltimore.</subfield></datafield><datafield ind1="1" ind2=" " tag="775"><subfield code="t">Gazette (Baltimore, Md. : 1876)</subfield><subfield code="w">(DLC)sn 84026779</subfield></datafield><datafield ind1="1" ind2=" " tag="775"><subfield code="t">Baltimore gazette (Baltimore, Md. : 1881)</subfield><subfield code="w">(DLC)sn 89060253</subfield></datafield><datafield ind1="0" ind2="0" tag="780"><subfield code="t">Baltimore weekly gazette (Baltimore, Md. : 1868)</subfield><subfield code="w">(DLC)sn 84016372</subfield></datafield><datafield ind1="1" ind2=" " tag="029"><subfield code="a">AU@</subfield><subfield code="b">000025291102</subfield></datafield></record>